@INPROCEEDINGS{tess_hotchip,
    author = {Juan A. Colmenares and Sarah Bird and Gage Eads and Steven Hofmeyr and Eduardo Huerta-Yero and Albert Kim and Rohit Poddar and Hilfi Alkaff and Krste Asanovic and John Kubiatowicz},
    title = "{Building a Real-time, Responsive, High-throughput Client OS for Many-core Architectures}",
    booktitle = {Proceedings of the IEEE Symposium on High Performance Chips},
    year = {2011}
}

@INPROCEEDINGS{tess_eurosys,
    author = {Juan A. Colmenares and Sarah Bird and Gage Eads and Steven Hofmeyr and Eduardo Huerta-Yero and Albert Kim and Rohit Poddar and Hilfi Alkaff and Krste Asanovic and and John Kubiatowicz},
    title = "{Performance Predictability in the Tessellation Manycore OS}",
    booktitle = {Seventh conference on Computer systems (In Review)},
    series = {EuroSys},
    year = {2012}
}

@INPROCEEDINGS{tess_cata,
    author = {Albert Kim and Juan A. Colmenares and Hilfi Alkaff and John Kubiatowicz},
    title = "{A Real-Time, Parallel GUI Service in Tessellation Many-Core OS}",
    booktitle = {27th International Conference on Computers and Their Applications (In Review)},
    series = {CATA},
    year = {2012}
}

@TECHREPORT{tess_retreat2010,
    author = {Hilfi Alkaff and Vu Chiem and Andrew Wang},
    title = "{Preserving Interactivity of GUI Applications}",
    institution = {UC Berkeley ParLab Retreat},
    year = {2010}
}

@INPROCEEDINGS{tube_chi,
    author = {Hilfi Alkaff and Albert Tjoeng and Victor Tjhia and Kimiko Ryokai},
    title = "{Tangible Tube}",
    booktitle = {Conference on Human Factors in Computing Systems (In Review)},
    series = {CHI},
    year = {2012}
}
